@article{DBLP:journals/corr/RedmonDGF15,
  author    = {Joseph Redmon and
               Santosh Kumar Divvala and
               Ross B. Girshick and
               Ali Farhadi},
  title     = {You Only Look Once: Unified, Real-Time Object Detection},
  journal   = {CoRR},
  volume    = {abs/1506.02640},
  year      = {2015},
  url       = {http://arxiv.org/abs/1506.02640},
  archivePrefix = {arXiv},
  eprint    = {1506.02640},
  timestamp = {Mon, 13 Aug 2018 16:48:08 +0200},
  biburl    = {https://dblp.org/rec/bib/journals/corr/RedmonDGF15},
  bibsource = {dblp computer science bibliography, https://dblp.org}
}

@article{DBLP:journals/corr/abs-1804-02767,
  author    = {Joseph Redmon and
               Ali Farhadi},
  title     = {YOLOv3: An Incremental Improvement},
  journal   = {CoRR},
  volume    = {abs/1804.02767},
  year      = {2018},
  url       = {http://arxiv.org/abs/1804.02767},
  archivePrefix = {arXiv},
  eprint    = {1804.02767},
  timestamp = {Mon, 13 Aug 2018 16:48:24 +0200},
  biburl    = {https://dblp.org/rec/bib/journals/corr/abs-1804-02767},
  bibsource = {dblp computer science bibliography, https://dblp.org}
}

@article{DBLP:journals/corr/RenHG015,
  author    = {Shaoqing Ren and
               Kaiming He and
               Ross B. Girshick and
               Jian Sun},
  title     = {Faster {R-CNN:} Towards Real-Time Object Detection with Region Proposal
               Networks},
  journal   = {CoRR},
  volume    = {abs/1506.01497},
  year      = {2015},
  url       = {http://arxiv.org/abs/1506.01497},
  archivePrefix = {arXiv},
  eprint    = {1506.01497},
  timestamp = {Mon, 13 Aug 2018 16:46:02 +0200},
  biburl    = {https://dblp.org/rec/bib/journals/corr/RenHG015},
  bibsource = {dblp computer science bibliography, https://dblp.org}
}

@article{DBLP:journals/corr/LiuAESR15,
  author    = {Wei Liu and
               Dragomir Anguelov and
               Dumitru Erhan and
               Christian Szegedy and
               Scott E. Reed and
               Cheng{-}Yang Fu and
               Alexander C. Berg},
  title     = {{SSD:} Single Shot MultiBox Detector},
  journal   = {CoRR},
  volume    = {abs/1512.02325},
  year      = {2015},
  url       = {http://arxiv.org/abs/1512.02325},
  archivePrefix = {arXiv},
  eprint    = {1512.02325},
  timestamp = {Mon, 13 Aug 2018 16:48:29 +0200},
  biburl    = {https://dblp.org/rec/bib/journals/corr/LiuAESR15},
  bibsource = {dblp computer science bibliography, https://dblp.org}
}