%% LaTeX2e file `dummy.bib'
%% generated by the `filecontents' environment
%% from source `test' on 2016/12/07.
%%
@online{dummy1,
 title="dummy entry to make biblatex happy"
}
@misc{dummy2,
 title="dummy entry to make biblatex happy"
}
